@book{ludwig2016always,
  title={Always Hungry?: Conquer Cravings, Retrain Your Fat Cells, and Lose Weight Permanently},
  author={Ludwig, David},
  year={2016},
  publisher={Hachette UK}
}
